@misc{labman,
  title= "{E214 - The ATLAS Experiment, student manual}",
  year={2018},
  month={February},
  author={{P106: Advanced Laboratory Course}},
  publisher={Rheinische Friedrich-Wilhelms-Universit√§t Bonn}
}

@article{ParticleDataGroup:2020ssz,
    author = "Zyla, P. A. and others",
    collaboration = "Particle Data Group",
    title = "{Review of Particle Physics}",
    doi = "10.1093/ptep/ptaa104",
    journal = "PTEP",
    volume = "2020",
    number = "8",
    pages = "083C01",
    year = "2020"
}

@article{ATLAS:2020wny,
    author = "Aad, Georges and others",
    collaboration = "ATLAS",
    title = "{Measurements of the Higgs boson inclusive and differential fiducial cross sections in the 4$\ell$ decay channel at $\sqrt{s}$ = 13 TeV}",
    eprint = "2004.03969",
    archivePrefix = "arXiv",
    primaryClass = "hep-ex",
    reportNumber = "CERN-EP-2020-035",
    doi = "10.1140/epjc/s10052-020-8223-0",
    journal = "Eur. Phys. J. C",
    volume = "80",
    number = "10",
    pages = "942",
    year = "2020"
}

 @misc{ wiki:xxx,
   author = "Wikimedia Commons",
   title = "File:Standard Model of Elementary Particles.svg --- Wikimedia Commons{,} the free media repository",
   year = "2022",
   url = "https://commons.wikimedia.org/w/index.php?title=File:Standard_Model_of_Elementary_Particles.svg&oldid=652752075",
   note = "[Online; accessed 20-June-2022]"
 }

 @article{ALEPH:2005ab,
    author = "Schael, S. and others",
    collaboration = "ALEPH, DELPHI, L3, OPAL, SLD, LEP Electroweak Working Group, SLD Electroweak Group, SLD Heavy Flavour Group",
    title = "{Precision electroweak measurements on the $Z$ resonance}",
    eprint = "hep-ex/0509008",
    archivePrefix = "arXiv",
    reportNumber = "SLAC-R-774",
    doi = "10.1016/j.physrep.2005.12.006",
    journal = "Phys. Rept.",
    volume = "427",
    pages = "257--454",
    year = "2006"
}

@article{CDF:2022hxs,
    author = "Aaltonen, T. and others",
    collaboration = "CDF",
    title = "{High-precision measurement of the W boson mass with the CDF II detector}",
    reportNumber = "FERMILAB-PUB-22-254-PPD",
    doi = "10.1126/science.abk1781",
    journal = "Science",
    volume = "376",
    number = "6589",
    pages = "170--176",
    year = "2022"
}

@article{PhysRevD.98.030001,
  title = {Review of Particle Physics},
  author = {Tanabashi, M. and Hagiwara, K. and Hikasa, K. and Nakamura, K. and Sumino, Y. and Takahashi, F. and Tanaka, J. and Agashe, K. and Aielli, G. and Amsler, C. and Antonelli, M. and Asner, D. M. and Baer, H. and Banerjee, Sw. and Barnett, R. M. and Basaglia, T. and Bauer, C. W. and Beatty, J. J. and Belousov, V. I. and Beringer, J. and Bethke, S. and Bettini, A. and Bichsel, H. and Biebel, O. and Black, K. M. and Blucher, E. and Buchmuller, O. and Burkert, V. and Bychkov, M. A. and Cahn, R. N. and Carena, M. and Ceccucci, A. and Cerri, A. and Chakraborty, D. and Chen, M.-C. and Chivukula, R. S. and Cowan, G. and Dahl, O. and D'Ambrosio, G. and Damour, T. and de Florian, D. and de Gouv\^ea, A. and DeGrand, T. and de Jong, P. and Dissertori, G. and Dobrescu, B. A. and D'Onofrio, M. and Doser, M. and Drees, M. and Dreiner, H. K. and Dwyer, D. A. and Eerola, P. and Eidelman, S. and Ellis, J. and Erler, J. and Ezhela, V. V. and Fetscher, W. and Fields, B. D. and Firestone, R. and Foster, B. and Freitas, A. and Gallagher, H. and Garren, L. and Gerber, H.-J. and Gerbier, G. and Gershon, T. and Gershtein, Y. and Gherghetta, T. and Godizov, A. A. and Goodman, M. and Grab, C. and Gritsan, A. V. and Grojean, C. and Groom, D. E. and Gr\"unewald, M. and Gurtu, A. and Gutsche, T. and Haber, H. E. and Hanhart, C. and Hashimoto, S. and Hayato, Y. and Hayes, K. G. and Hebecker, A. and Heinemeyer, S. and Heltsley, B. and Hern\'andez-Rey, J. J. and Hisano, J. and H\"ocker, A. and Holder, J. and Holtkamp, A. and Hyodo, T. and Irwin, K. D. and Johnson, K. F. and Kado, M. and Karliner, M. and Katz, U. F. and Klein, S. R. and Klempt, E. and Kowalewski, R. V. and Krauss, F. and Kreps, M. and Krusche, B. and Kuyanov, Yu. V. and Kwon, Y. and Lahav, O. and Laiho, J. and Lesgourgues, J. and Liddle, A. and Ligeti, Z. and Lin, C.-J. and Lippmann, C. and Liss, T. M. and Littenberg, L. and Lugovsky, K. S. and Lugovsky, S. B. and Lusiani, A. and Makida, Y. and Maltoni, F. and Mannel, T. and Manohar, A. V. and Marciano, W. J. and Martin, A. D. and Masoni, A. and Matthews, J. and Mei\ss{}ner, U.-G. and Milstead, D. and Mitchell, R. E. and M\"onig, K. and Molaro, P. and Moortgat, F. and Moskovic, M. and Murayama, H. and Narain, M. and Nason, P. and Navas, S. and Neubert, M. and Nevski, P. and Nir, Y. and Olive, K. A. and Pagan Griso, S. and Parsons, J. and Patrignani, C. and Peacock, J. A. and Pennington, M. and Petcov, S. T. and Petrov, V. A. and Pianori, E. and Piepke, A. and Pomarol, A. and Quadt, A. and Rademacker, J. and Raffelt, G. and Ratcliff, B. N. and Richardson, P. and Ringwald, A. and Roesler, S. and Rolli, S. and Romaniouk, A. and Rosenberg, L. J. and Rosner, J. L. and Rybka, G. and Ryutin, R. A. and Sachrajda, C. T. and Sakai, Y. and Salam, G. P. and Sarkar, S. and Sauli, F. and Schneider, O. and Scholberg, K. and Schwartz, A. J. and Scott, D. and Sharma, V. and Sharpe, S. R. and Shutt, T. and Silari, M. and Sj\"ostrand, T. and Skands, P. and Skwarnicki, T. and Smith, J. G. and Smoot, G. F. and Spanier, S. and Spieler, H. and Spiering, C. and Stahl, A. and Stone, S. L. and Sumiyoshi, T. and Syphers, M. J. and Terashi, K. and Terning, J. and Thoma, U. and Thorne, R. S. and Tiator, L. and Titov, M. and Tkachenko, N. P. and T\"ornqvist, N. A. and Tovey, D. R. and Valencia, G. and Van de Water, R. and Varelas, N. and Venanzoni, G. and Verde, L. and Vincter, M. G. and Vogel, P. and Vogt, A. and Wakely, S. P. and Walkowiak, W. and Walter, C. W. and Wands, D. and Ward, D. R. and Wascko, M. O. and Weiglein, G. and Weinberg, D. H. and Weinberg, E. J. and White, M. and Wiencke, L. R. and Willocq, S. and Wohl, C. G. and Womersley, J. and Woody, C. L. and Workman, R. L. and Yao, W.-M. and Zeller, G. P. and Zenin, O. V. and Zhu, R.-Y. and Zhu, S.-L. and Zimmermann, F. and Zyla, P. A. and Anderson, J. and Fuller, L. and Lugovsky, V. S. and Schaffner, P.},
  collaboration = {Particle Data Group},
  journal = {Phys. Rev. D},
  volume = {98},
  issue = {3},
  pages = {030001},
  numpages = {1898},
  year = {2018},
  month = {Aug},
  publisher = {American Physical Society},
  doi = {10.1103/PhysRevD.98.030001},
  url = {https://link.aps.org/doi/10.1103/PhysRevD.98.030001}
}

@article{jacobi,
    author = "Krasny, M. W. and Dydak, F. and Fayette, F. and Placzek, W. and Siodmok, A.",
    title = "{$\Delta M_{W} \leq 10 MeV/c^{2}$ at the LHC: a forlorn hope?}",
    eprint = "1004.2597",
    archivePrefix = "arXiv",
    primaryClass = "hep-ex",
    reportNumber = "CERN-PH-EP-2010-007, TPJU-1-2010",
    doi = "10.1140/epjc/s10052-010-1417-0",
    journal = "Eur. Phys. J. C",
    volume = "69",
    pages = "379--397",
    year = "2010"
}

@article{Aad2011,
	doi = {10.1140/epjc/s10052-011-1593-6},
	url = {https://doi.org/10.1140%2Fepjc%2Fs10052-011-1593-6},
	year = 2011,
	month = {mar},
	publisher = {Springer Science and Business Media {LLC}
},
	volume = {71},
	number = {3},
	author = {G. Aad and B. Abbott and J. Abdallah and A. A. Abdelalim and A. Abdesselam and O. Abdinov and B. Abi and M. Abolins and H. Abramowicz and H. Abreu and B. S. Acharya and D. L. Adams and T. N. Addy and J. Adelman and S. Adomeit and P. Adragna and T. Adye and S. Aefsky and J. A. Aguilar-Saavedra and M. Aharrouche and S. P. Ahlen and F. Ahles and A. Ahmad and M. Ahsan and G. Aielli and T. Akdogan and T. P. A. {\AA}kesson and G. Akimoto and A. V. Akimov and A. Aktas and M. S. Alam and M. A. Alam and S. Albrand and M. Aleksa and I. N. Aleksandrov and C. Alexa and G. Alexander and G. Alexandre and T. Alexopoulos and M. Alhroob and M. Aliev and G. Alimonti and J. Alison and M. Aliyev and P. P. Allport and S. E. Allwood-Spiers and J. Almond and A. Aloisio and R. Alon and A. Alonso and M. G. Alviggi and K. Amako and C. Amelung and A. Amorim and G. Amor{\'{o}}s and N. Amram and C. Anastopoulos and T. Andeen and C. F. Anders and K. J. Anderson and A. Andreazza and V. Andrei and X. S. Anduaga and A. Angerami and F. Anghinolfi and N. Anjos and A. Annovi and A. Antonaki and M. Antonelli and S. Antonelli and J. Antos and B. Antunovic and F. Anulli and S. Aoun and G. Arabidze and I. Aracena and Y. Arai and A. T. H. Arce and J. P. Archambault and S. Arfaoui and J.-F. Arguin and T. Argyropoulos and M. Arik and A. J. Armbruster and O. Arnaez and C. Arnault and A. Artamonov and D. Arutinov and M. Asai and S. Asai and J. Silva and R. Asfandiyarov and S. Ask and B. {\AA}sman and D. Asner and L. Asquith and K. Assamagan and A. Astvatsatourov and G. Atoian and B. Auerbach and K. Augsten and M. Aurousseau and N. Austin and G. Avolio and R. Avramidou and C. Ay and G. Azuelos and Y. Azuma and M. A. Baak and A. M. Bach and H. Bachacou and K. Bachas and M. Backes and E. Badescu and P. Bagnaia and Y. Bai and T. Bain and J. T. Baines and O. K. Baker and M. D. Baker and S. Baker and F. Baltasar Dos~Santos Pedrosa and E. Banas and P. Banerjee and Sw. Banerjee and D. Banfi and A. Bangert and V. Bansal and S. P. Baranov and A. Barashkou and T. Barber and E. L. Barberio and D. Barberis and M. Barbero and D. Y. Bardin and T. Barillari and M. Barisonzi and T. Barklow and N. Barlow and B. M. Barnett and R. M. Barnett and A. Baroncelli and A. J. Barr and F. Barreiro and J. Barreiro Guimar{\~{a}}es~da~Costa and P. Barrillon and R. Bartoldus and D. Bartsch and R. L. Bates and L. Batkova and J. R. Batley and A. Battaglia and M. Battistin and F. Bauer and H. S. Bawa and B. Beare and T. Beau and P. H. Beauchemin and R. Beccherle and P. Bechtle and G. A. Beck and H. P. Beck and M. Beckingham and K. H. Becks and A. J. Beddall and A. Beddall and V. A. Bednyakov and C. Bee and M. Begel and S. Behar Harpaz and P. K. Behera and M. Beimforde and C. Belanger-Champagne and P. J. Bell and W. H. Bell and G. Bella and L. Bellagamba and F. Bellina and M. Bellomo and A. Belloni and K. Belotskiy and O. Beltramello and S. Ben Ami and O. Benary and D. Benchekroun and M. Bendel and B. H. Benedict and N. Benekos and Y. Benhammou and D. P. Benjamin and M. Benoit and J. R. Bensinger and K. Benslama and S. Bentvelsen and M. Beretta and D. Berge and E. Bergeaas Kuutmann and N. Berger and F. Berghaus and E. Berglund and J. Beringer and P. Bernat and R. Bernhard and C. Bernius and T. Berry and A. Bertin and M. I. Besana and N. Besson and S. Bethke and R. M. Bianchi and M. Bianco and O. Biebel and J. Biesiada and M. Biglietti and H. Bilokon and M. Bindi and A. Bingul and C. Bini and C. Biscarat and U. Bitenc and K. M. Black and R. E. Blair and J.-B. Blanchard and G. Blanchot and C. Blocker and A. Blondel and W. Blum and U. Blumenschein and G. J. Bobbink and A. Bocci and M. Boehler and J. Boek and N. Boelaert and S. B√∂ser and J. A. Bogaerts and A. Bogouch and C. Bohm and V. Boisvert and T. Bold and V. Boldea and M. Bondioli and M. Boonekamp and S. Bordoni and C. Borer and A. Borisov and G. Borissov and I. Borjanovic and S. Borroni and K. Bos and D. Boscherini and M. Bosman and H. Boterenbrood and J. Bouchami and J. Boudreau and E. V. Bouhova-Thacker and C. Boulahouache and C. Bourdarios and A. Boveia and J. Boyd and I. R. Boyko and I. Bozovic-Jelisavcic and J. Bracinik and A. Braem and P. Branchini and A. Brandt and G. Brandt and O. Brandt and U. Bratzler and B. Brau and J. E. Brau and H. M. Braun and B. Brelier and J. Bremer and R. Brenner and S. Bressler and D. Britton and F. M. Brochu and I. Brock and R. Brock and E. Brodet and G. Brooijmans and W. K. Brooks and G. Brown and P. A. Bruckman~de~Renstrom and D. Bruncko and R. Bruneliere and S. Brunet and A. Bruni and G. Bruni and M. Bruschi and F. Bucci and J. Buchanan and P. Buchholz and A. G. Buckley and I. A. Budagov and B. Budick and V. B√ºscher and L. Bugge and O. Bulekov and M. Bunse and T. Buran and H. Burckhart and S. Burdin and T. Burgess and S. Burke and E. Busato and P. Bussey and C. P. Buszello and F. Butin and B. Butler and J. M. Butler and C. M. Buttar and J. M. Butterworth and T. Byatt and J. Caballero and S. Cabrera Urb{\'{a}}n and D. Caforio and O. Cakir and P. Calafiura and G. Calderini and P. Calfayan and R. Calkins and L. P. Caloba and D. Calvet and P. Camarri and D. Cameron and S. Campana and M. Campanelli and V. Canale and F. Canelli and A. Canepa and J. Cantero and L. Capasso and M. D. M. Capeans Garrido and I. Caprini and M. Caprini and M. Capua and R. Caputo and C. Caramarcu and R. Cardarelli and T. Carli and G. Carlino and L. Carminati and B. Caron and S. Caron and G. D. Carrillo Montoya and S. Carron Montero and A. A. Carter and J. R. Carter and J. Carvalho and D. Casadei and M. P. Casado and M. Cascella and A. M. Castaneda Hernandez and E. Castaneda-Miranda and V. Castillo Gimenez and N. F. Castro and G. Cataldi and A. Catinaccio and J. R. Catmore and A. Cattai and G. Cattani and S. Caughron and P. Cavalleri and D. Cavalli and M. Cavalli-Sforza and V. Cavasinni and F. Ceradini and A. S. Cerqueira and A. Cerri and L. Cerrito and F. Cerutti and S. A. Cetin and A. Chafaq and D. Chakraborty and K. Chan and J. D. Chapman and J. W. Chapman and E. Chareyre and D. G. Charlton and V. Chavda and S. Cheatham and S. Chekanov and S. V. Chekulaev and G. A. Chelkov and H. Chen and S. Chen and X. Chen and A. Cheplakov and V. F. Chepurnov and R. Cherkaoui~El~Moursli and V. Tcherniatine and D. Chesneanu and E. Cheu and S. L. Cheung and L. Chevalier and F. Chevallier and G. Chiefari and L. Chikovani and J. T. Childers and A. Chilingarov and G. Chiodini and M. V. Chizhov and G. Choudalakis and S. Chouridou and I. A. Christidi and A. Christov and D. Chromek-Burckhart and M. L. Chu and J. Chudoba and G. Ciapetti and A. K. Ciftci and R. Ciftci and D. Cinca and V. Cindro and M. D. Ciobotaru and C. Ciocca and A. Ciocio and M. Cirilli and A. Clark and P. J. Clark and W. Cleland and J. C. Clemens and B. Clement and C. Clement and Y. Coadou and M. Cobal and A. Coccaro and J. Cochran and J. Coggeshall and E. Cogneras and A. P. Colijn and C. Collard and N. J. Collins and C. Collins-Tooth and J. Collot and G. Colon and P. Conde Mui{\~{n}}o and E. Coniavitis and M. C. Conidi and M. Consonni and S. Constantinescu and C. Conta and F. Conventi and M. Cooke and B. D. Cooper and A. M. Cooper-Sarkar and N. J. Cooper-Smith and K. Copic and T. Cornelissen and M. Corradi and F. Corriveau and A. Corso-Radu and A. Cortes-Gonzalez and G. Cortiana and G. Costa and M. J. Costa and D. Costanzo and T. Costin and D. C{\^{o}}t{\'{e}} and R. Coura Torres and L. Courneyea and G. Cowan and C. Cowden and B. E. Cox and K. Cranmer and J. Cranshaw and M. Cristinziani and G. Crosetti and R. Crupi and S. Cr{\'{e}}p{\'{e}}-Renaudin and C. Cuenca Almenar and T. Cuhadar Donszelmann and M. Curatolo and C. J. Curtis and P. Cwetanski and Z. Czyczula and S. D'Auria and M. D'Onofrio and A. D'Orazio and C. Da~Via and W. Dabrowski and T. Dai and C. Dallapiccola and S. J. Dallison and C. H. Daly and M. Dam and H. O. Danielsson and D. Dannheim and V. Dao and G. Darbo and G. L. Darlea and W. Davey and T. Davidek and N. Davidson and R. Davidson and M. Davies and A. R. Davison and I. Dawson and R. K. Daya and K. De and R. de Asmundis and S. De Castro and P. E. De Castro Faria Salgado and S. De Cecco and J. de Graat and N. De Groot and P. de Jong and L. De Mora and M. De Oliveira Branco and D. De Pedis and A. De Salvo and U. De Sanctis and A. De Santo and J. B. De Vivie~De~Regie and S. Dean and D. V. Dedovich and J. Degenhardt and M. Dehchar and C. Del~Papa and J. Del~Peso and T. Del~Prete and A. Dell'Acqua and L. Dell'Asta and M. Della~Pietra and D. della~Volpe and M. Delmastro and P. A. Delsart and C. Deluca and S. Demers and M. Demichev and B. Demirkoz and J. Deng and W. Deng and S. P. Denisov and J. E. Derkaoui and F. Derue and P. Dervan and K. Desch and P. O. Deviveiros and A. Dewhurst and B. DeWilde and S. Dhaliwal and R. Dhullipudi and A. Di~Ciaccio and L. Di~Ciaccio and A. Di~Girolamo and B. Di~Girolamo and S. Di~Luise and A. Di~Mattia and R. Di~Nardo and A. Di~Simone and R. Di~Sipio and M. A. Diaz and F. Diblen and E. B. Diehl and J. Dietrich and T. A. Dietzsch and S. Diglio and K. Dindar Yagci and J. Dingfelder and C. Dionisi and P. Dita and S. Dita and F. Dittus and F. Djama and R. Djilkibaev and T. Djobava and M. A. B. do~Vale and T. K. O. Doan and D. Dobos and E. Dobson and M. Dobson and C. Doglioni and T. Doherty and J. Dolejsi and I. Dolenc and Z. Dolezal and B. A. Dolgoshein and T. Dohmae and M. Donega and J. Donini and J. Dopke and A. Doria and A. Dotti and M. T. Dova and A. D. Doxiadis and A. T. Doyle and Z. Drasal and M. Dris and J. Dubbert and S. Dube and E. Duchovni and G. Duckeck and A. Dudarev and F. Dudziak and M. D√ºhrssen and L. Duflot and M.-A. Dufour and M. Dunford and H. Duran Yildiz and R. Duxfield and M. Dwuznik and M. D√ºren and J. Ebke and S. Eckweiler and K. Edmonds and C. A. Edwards and K. Egorov and W. Ehrenfeld and T. Ehrich and T. Eifert and G. Eigen and K. Einsweiler and E. Eisenhandler and T. Ekelof and M. El~Kacimi and M. Ellert and S. Elles and F. Ellinghaus and K. Ellis and N. Ellis and J. Elmsheuser and M. Elsing and D. Emeliyanov and R. Engelmann and A. Engl and B. Epp and A. Eppig and J. Erdmann and A. Ereditato and D. Eriksson and J. Ernst and M. Ernst and J. Ernwein and D. Errede and S. Errede and E. Ertel and M. Escalier and C. Escobar and X. Espinal Curull and B. Esposito and A. I. Etienvre and E. Etzion and H. Evans and L. Fabbri and C. Fabre and K. Facius and R. M. Fakhrutdinov and S. Falciano and Y. Fang and M. Fanti and A. Farbin and A. Farilla and J. Farley and T. Farooque and S. M. Farrington and P. Farthouat and P. Fassnacht and D. Fassouliotis and B. Fatholahzadeh and L. Fayard and R. Febbraro and P. Federic and O. L. Fedin and W. Fedorko and L. Feligioni and C. U. Felzmann and C. Feng and E. J. Feng and A. B. Fenyuk and J. Ferencei and J. Ferland and B. Fernandes and W. Fernando and S. Ferrag and J. Ferrando and V. Ferrara and A. Ferrari and P. Ferrari and R. Ferrari and A. Ferrer and M. L. Ferrer and D. Ferrere and C. Ferretti and M. Fiascaris and F. Fiedler and A. Filip{\v{c}}i{\v{c}} and A. Filippas and F. Filthaut and M. Fincke-Keeler and M. C. N. Fiolhais and L. Fiorini and A. Firan and G. Fischer and M. J. Fisher and M. Flechl and I. Fleck and J. Fleckner and P. Fleischmann and S. Fleischmann and T. Flick and L. R. Flores Castillo and M. J. Flowerdew and T. Fonseca Martin and J. Fopma and A. Formica and A. Forti and D. Fortin and D. Fournier and A. J. Fowler and K. Fowler and H. Fox and P. Francavilla and S. Franchino and D. Francis and M. Franklin and S. Franz and M. Fraternali and S. Fratina and J. Freestone and S. T. French and R. Froeschl and D. Froidevaux and J. A. Frost and C. Fukunaga and E. Fullana Torregrosa and J. Fuster and C. Gabaldon and O. Gabizon and T. Gadfort and S. Gadomski and G. Gagliardi and P. Gagnon and C. Galea and E. J. Gallas and V. Gallo and B. J. Gallop and P. Gallus and E. Galyaev and K. K. Gan and Y. S. Gao and A. Gaponenko and M. Garcia-Sciveres and C. Garc{\'{\i}}a and J. E. Garc{\'{\i}}a Navarro and R. W. Gardner and N. Garelli and H. Garitaonandia and V. Garonne and C. Gatti and G. Gaudio and P. Gauzzi and I. L. Gavrilenko and C. Gay and G. Gaycken and E. N. Gazis and P. Ge and C. N. P. Gee and Ch. Geich-Gimbel and K. Gellerstedt and C. Gemme and M. H. Genest and S. Gentile and F. Georgatos and S. George and A. Gershon and H. Ghazlane and N. Ghodbane and B. Giacobbe and S. Giagu and V. Giakoumopoulou and V. Giangiobbe and F. Gianotti and B. Gibbard and A. Gibson and S. M. Gibson and L. M. Gilbert and M. Gilchriese and V. Gilewsky and D. M. Gingrich and J. Ginzburg and N. Giokaris and M. P. Giordani and R. Giordano and F. M. Giorgi and P. Giovannini and P. F. Giraud and D. Giugni and P. Giusti and B. K. Gjelsten and L. K. Gladilin and C. Glasman and A. Glazov and K. W. Glitza and G. L. Glonti and J. Godfrey and J. Godlewski and M. Goebel and T. G√∂pfert and C. Goeringer and C. G√∂ssling and T. G√∂ttfert and S. Goldfarb and D. Goldin and T. Golling and A. Gomes and L. S. Gomez Fajardo and R. Gon{\c{c}}alo and L. Gonella and C. Gong and S. Gonz{\'{a}}lez~de~la~Hoz and M. L. Gonzalez Silva and S. Gonzalez-Sevilla and J. J. Goodson and L. Goossens and H. A. Gordon and I. Gorelov and G. Gorfine and B. Gorini and E. Gorini and A. Gori{\v{s}}ek and E. Gornicki and B. Gosdzik and M. Gosselink and M. I. Gostkin and I. Gough Eschrich and M. Gouighri and D. Goujdami and M. P. Goulette and A. G. Goussiou and C. Goy and I. Grabowska-Bold and P. Grafstr√∂m and K.-J. Grahn and S. Grancagnolo and V. Grassi and V. Gratchev and N. Grau and H. M. Gray and J. A. Gray and E. Graziani and B. Green and T. Greenshaw and Z. D. Greenwood and I. M. Gregor and P. Grenier and E. Griesmayer and J. Griffiths and N. Grigalashvili and A. A. Grillo and K. Grimm and S. Grinstein and Y. V. Grishkevich and M. Groh and M. Groll and E. Gross and J. Grosse-Knetter and J. Groth-Jensen and K. Grybel and C. Guicheney and A. Guida and T. Guillemin and H. Guler and J. Gunther and B. Guo and Y. Gusakov and A. Gutierrez and P. Gutierrez and N. Guttman and O. Gutzwiller and C. Guyot and C. Gwenlan and C. B. Gwilliam and A. Haas and S. Haas and C. Haber and H. K. Hadavand and D. R. Hadley and P. Haefner and S. Haider and Z. Hajduk and H. Hakobyan and J. Haller and K. Hamacher and A. Hamilton and S. Hamilton and L. Han and K. Hanagaki and M. Hance and C. Handel and P. Hanke and J. R. Hansen and J. B. Hansen and J. D. Hansen and P. H. Hansen and P. Hansson and K. Hara and G. A. Hare and T. Harenberg and R. D. Harrington and O. M. Harris and K. Harrison and J. Hartert and F. Hartjes and A. Harvey and S. Hasegawa and Y. Hasegawa and S. Hassani and S. Haug and M. Hauschild and R. Hauser and M. Havranek and C. M. Hawkes and R. J. Hawkings and T. Hayakawa and H. S. Hayward and S. J. Haywood and S. J. Head and V. Hedberg and L. Heelan and S. Heim and B. Heinemann and S. Heisterkamp and L. Helary and M. Heller and S. Hellman and C. Helsens and T. Hemperek and R. C. W. Henderson and M. Henke and A. Henrichs and A. M. Henriques Correia and S. Henrot-Versille and C. Hensel and T. Hen{\ss} and Y. Hern{\'{a}}ndez Jim{\'{e}}nez and A. D. Hershenhorn and G. Herten and R. Hertenberger and L. Hervas and N. P. Hessey and E. Hig{\'{o}}n-Rodriguez and J. C. Hill and K. H. Hiller and S. Hillert and S. J. Hillier and I. Hinchliffe and E. Hines and M. Hirose and F. Hirsch and D. Hirschbuehl and J. Hobbs and N. Hod and M. C. Hodgkinson and P. Hodgson and A. Hoecker and M. R. Hoeferkamp and J. Hoffman and D. Hoffmann and M. Hohlfeld and T. Holy and J. L. Holzbauer and Y. Homma and T. Horazdovsky and C. Horn and S. Horner and J.-Y. Hostachy and S. Hou and A. Hoummada and T. Howe and J. Hrivnac and T. Hryn'ova and P. J. Hsu and S.-C. Hsu and G. S. Huang and Z. Hubacek and F. Hubaut and F. Huegging and T. B. Huffman and E. W. Hughes and G. Hughes and M. Huhtinen and M. Hurwitz and U. Husemann and N. Huseynov and J. Huston and J. Huth and G. Iacobucci and G. Iakovidis and I. Ibragimov and L. Iconomidou-Fayard and J. Idarraga and P. Iengo and O. Igonkina and Y. Ikegami and M. Ikeno and Y. Ilchenko and D. Iliadis and T. Ince and P. Ioannou and M. Iodice and A. Irles Quiles and A. Ishikawa and M. Ishino and R. Ishmukhametov and T. Isobe and C. Issever and S. Istin and Y. Itoh and A. V. Ivashin and W. Iwanski and H. Iwasaki and J. M. Izen and V. Izzo and B. Jackson and J. N. Jackson and P. Jackson and M. R. Jaekel and V. Jain and K. Jakobs and S. Jakobsen and J. Jakubek and D. K. Jana and E. Jankowski and E. Jansen and A. Jantsch and M. Janus and G. Jarlskog and L. Jeanty and I. Jen-La Plante and P. Jenni and P. Je{\v{z}} and S. J{\'{e}}z{\'{e}}quel and W. Ji and J. Jia and Y. Jiang and M. Jimenez Belenguer and S. Jin and O. Jinnouchi and D. Joffe and M. Johansen and K. E. Johansson and P. Johansson and S. Johnert and K. A. Johns and K. Jon-And and G. Jones and R. W. L. Jones and T. J. Jones and P. M. Jorge and J. Joseph and V. Juranek and P. Jussel and V. V. Kabachenko and M. Kaci and A. Kaczmarska and M. Kado and H. Kagan and M. Kagan and S. Kaiser and E. Kajomovitz and S. Kalinin and L. V. Kalinovskaya and S. Kama and N. Kanaya and M. Kaneda and V. A. Kantserov and J. Kanzaki and B. Kaplan and A. Kapliy and J. Kaplon and D. Kar and M. Karagounis and M. Karagoz and M. Karnevskiy and V. Kartvelishvili and A. N. Karyukhin and L. Kashif and A. Kasmi and R. D. Kass and A. Kastanas and M. Kataoka and Y. Kataoka and E. Katsoufis and J. Katzy and V. Kaushik and K. Kawagoe and T. Kawamoto and G. Kawamura and M. S. Kayl and V. A. Kazanin and M. Y. Kazarinov and J. R. Keates and R. Keeler and R. Kehoe and M. Keil and G. D. Kekelidze and M. Kelly and M. Kenyon and O. Kepka and N. Kerschen and B. P. Ker{\v{s}}evan and S. Kersten and K. Kessoku and M. Khakzad and F. Khalil-zada and H. Khandanyan and A. Khanov and D. Kharchenko and A. Khodinov and A. Khomich and G. Khoriauli and N. Khovanskiy and V. Khovanskiy and E. Khramov and J. Khubua and H. Kim and M. S. Kim and P. C. Kim and S. H. Kim and O. Kind and B. T. King and M. King and J. Kirk and G. P. Kirsch and L. E. Kirsch and A. E. Kiryunin and D. Kisielewska and T. Kittelmann and E. Kladiva and M. Klein and U. Klein and K. Kleinknecht and M. Klemetti and A. Klier and A. Klimentov and R. Klingenberg and E. B. Klinkby and T. Klioutchnikova and P. F. Klok and S. Klous and E.-E. Kluge and T. Kluge and P. Kluit and S. Kluth and N. S. Knecht and E. Kneringer and B. R. Ko and T. Kobayashi and M. Kobel and B. Koblitz and M. Kocian and A. Kocnar and P. Kodys and K. K√∂neke and A. C. K√∂nig and S. Koenig and L. K√∂pke and F. Koetsveld and P. Koevesarki and T. Koffas and E. Koffeman and F. Kohn and Z. Kohout and T. Kohriki and T. Koi and H. Kolanoski and V. Kolesnikov and I. Koletsou and J. Koll and D. Kollar and S. D. Kolya and A. A. Komar and J. R. Komaragiri and T. Kondo and T. Kono and R. Konoplich and N. Konstantinidis and S. Koperny and K. Korcyl and K. Kordas and A. Korn and I. Korolkov and E. V. Korolkova and V. A. Korotkov and O. Kortner and S. Kortner and P. Kostka and V. V. Kostyukhin and S. Kotov and V. M. Kotov and C. Kourkoumelis and A. Koutsman and R. Kowalewski and T. Z. Kowalski and W. Kozanecki and A. S. Kozhin and V. Kral and V. A. Kramarenko and G. Kramberger and M. W. Krasny and A. Krasznahorkay and J. Kraus and J. K. Kraus and A. Kreisel and F. Krejci and J. Kretzschmar and N. Krieger and P. Krieger and K. Kroeninger and H. Kroha and J. Kroll and J. Kroseberg and J. Krstic and U. Kruchonak and H. Kr√ºger and Z. V. Krumshteyn and A. Kruth and T. Kubota and S. Kuehn and A. Kugel and T. Kuhl and D. Kuhn and V. Kukhtin and Y. Kulchitsky and S. Kuleshov and C. Kummer and M. Kuna and J. Kunkle and A. Kupco and H. Kurashige and M. Kurata and Y. A. Kurochkin and V. Kus and M. Kuze and R. Kwee and A. La~Rosa and L. La~Rotonda and J. Labbe and C. Lacasta and F. Lacava and H. Lacker and D. Lacour and V. R. Lacuesta and E. Ladygin and R. Lafaye and B. Laforge and T. Lagouri and S. Lai and M. Lamanna and C. L. Lampen and W. Lampl and E. Lancon and U. Landgraf and M. P. J. Landon and J. L. Lane and A. J. Lankford and F. Lanni and K. Lantzsch and A. Lanza and S. Laplace and C. Lapoire and J. F. Laporte and T. Lari and A. Larner and M. Lassnig and P. Laurelli and W. Lavrijsen and P. Laycock and A. B. Lazarev and A. Lazzaro and O. Le~Dortz and E. Le~Guirriec and E. Le~Menedeu and A. Lebedev and C. Lebel and T. LeCompte and F. Ledroit-Guillon and H. Lee and J. S. H. Lee and S. C. Lee and M. Lefebvre and M. Legendre and B. C. LeGeyt and F. Legger and C. Leggett and M. Lehmacher and G. Lehmann Miotto and X. Lei and R. Leitner and D. Lellouch and J. Lellouch and V. Lendermann and K. J. C. Leney and T. Lenz and G. Lenzen and B. Lenzi and K. Leonhardt and C. Leroy and J.-R. Lessard and C. G. Lester and A. Leung Fook Cheong and J. Lev{\^{e}}que and D. Levin and L. J. Levinson and M. Leyton and H. Li and X. Li and Z. Liang and Z. Liang and B. Liberti and P. Lichard and M. Lichtnecker and K. Lie and W. Liebig and J. N. Lilley and A. Limosani and M. Limper and S. C. Lin and J. T. Linnemann and E. Lipeles and L. Lipinsky and A. Lipniacka and T. M. Liss and D. Lissauer and A. Lister and A. M. Litke and C. Liu and D. Liu and H. Liu and J. B. Liu and M. Liu and Y. Liu and M. Livan and A. Lleres and S. L. Lloyd and E. Lobodzinska and P. Loch and W. S. Lockman and S. Lockwitz and T. Loddenkoetter and F. K. Loebinger and A. Loginov and C. W. Loh and T. Lohse and K. Lohwasser and M. Lokajicek and R. E. Long and L. Lopes and D. Lopez Mateos and M. Losada and P. Loscutoff and X. Lou and A. Lounis and K. F. Loureiro and L. Lovas and J. Love and P. A. Love and A. J. Lowe and F. Lu and H. J. Lubatti and C. Luci and A. Lucotte and A. Ludwig and D. Ludwig and I. Ludwig and F. Luehring and D. Lumb and L. Luminari and E. Lund and B. Lund-Jensen and B. Lundberg and J. Lundberg and J. Lundquist and D. Lynn and J. Lys and E. Lytken and H. Ma and L. L. Ma and J. A. Macana Goia and G. Maccarrone and A. Macchiolo and B. Ma{\v{c}}ek and J. Machado Miguens and R. Mackeprang and R. J. Madaras and W. F. Mader and R. Maenner and T. Maeno and P. M√§ttig and S. M√§ttig and P. J. Magalhaes Martins and E. Magradze and Y. Mahalalel and K. Mahboubi and A. Mahmood and C. Maiani and C. Maidantchik and A. Maio and S. Majewski and Y. Makida and M. Makouski and N. Makovec and P. Mal and Pa. Malecki and P. Malecki and V. P. Maleev and F. Malek and U. Mallik and D. Malon and S. Maltezos and V. Malyshev and S. Malyukov and R. Mameghani and J. Mamuzic and L. Mandelli and I. Mandi{\'{c}} and R. Mandrysch and J. Maneira and P. S. Mangeard and I. D. Manjavidze and A. Mann and P. M. Manning and A. Manousakis-Katsikakis and B. Mansoulie and A. Mapelli and L. Mapelli and L. March and J. F. Marchand and F. Marchese and G. Marchiori and M. Marcisovsky and C. P. Marino and F. Marroquim and Z. Marshall and S. Marti-Garcia and A. J. Martin and B. Martin and B. Martin and F. F. Martin and J. P. Martin and T. A. Martin and B. Martin dit~Latour and M. Martinez and V. Martinez Outschoorn and A. C. Martyniuk and F. Marzano and A. Marzin and L. Masetti and T. Mashimo and R. Mashinistov and J. Masik and A. L. Maslennikov and I. Massa and N. Massol and A. Mastroberardino and T. Masubuchi and P. Matricon and H. Matsunaga and T. Matsushita and C. Mattravers and S. J. Maxfield and A. Mayne and R. Mazini and M. Mazur and S. P. Mc Kee and A. McCarn and R. L. McCarthy and N. A. McCubbin and K. W. McFarlane and H. McGlone and G. Mchedlidze and S. J. McMahon and R. A. McPherson and A. Meade and J. Mechnich and M. Mechtel and M. Medinnis and R. Meera-Lebbai and T. Meguro and S. Mehlhase and A. Mehta and K. Meier and B. Meirose and C. Melachrinos and B. R. Mellado Garcia and L. Mendoza Navas and Z. Meng and S. Menke and E. Meoni and P. Mermod and L. Merola and C. Meroni and F. S. Merritt and A. M. Messina and J. Metcalfe and A. S. Mete and J.-P. Meyer and J. Meyer and J. Meyer and T. C. Meyer and W. T. Meyer and J. Miao and S. Michal and L. Micu and R. P. Middleton and S. Migas and L. Mijovi{\'{c}} and G. Mikenberg and M. Mikestikova and M. Miku{\v{z}} and D. W. Miller and W. J. Mills and C. Mills and A. Milov and D. A. Milstead and D. Milstein and A. A. Minaenko and M. Mi{\~{n}}ano and I. A. Minashvili and A. I. Mincer and B. Mindur and M. Mineev and Y. Ming and L. M. Mir and G. Mirabelli and S. Misawa and A. Misiejuk and J. Mitrevski and V. A. Mitsou and S. Mitsui and P. S. Miyagawa and K. Miyazaki and J. U. Mj√∂rnmark and T. Moa and V. Moeller and K. M√∂nig and N. M√∂ser and W. Mohr and S. Mohrdieck-M√∂ck and R. Moles-Valls and J. Molina-Perez and J. Monk and E. Monnier and S. Montesano and F. Monticelli and R. W. Moore and C. Mora Herrera and A. Moraes and A. Morais and J. Morel and G. Morello and D. Moreno and M. Moreno Ll{\'{a}}cer and P. Morettini and M. Morii and A. K. Morley and G. Mornacchi and J. D. Morris and H. G. Moser and M. Mosidze and J. Moss and R. Mount and E. Mountricha and S. V. Mouraviev and E. J. W. Moyse and M. Mudrinic and F. Mueller and J. Mueller and K. Mueller and T. A. M√ºller and D. Muenstermann and A. Muir and Y. Munwes and W. J. Murray and I. Mussche and E. Musto and A. G. Myagkov and M. Myska and J. Nadal and K. Nagai and K. Nagano and Y. Nagasaka and A. M. Nairz and K. Nakamura and I. Nakano and G. Nanava and A. Napier and M. Nash and N. R. Nation and T. Nattermann and T. Naumann and G. Navarro and S. K. Nderitu and H. A. Neal and E. Nebot and P. Nechaeva and A. Negri and G. Negri and A. Nelson and S. Nelson and T. K. Nelson and S. Nemecek and P. Nemethy and A. A. Nepomuceno and M. Nessi and M. S. Neubauer and A. Neusiedl and R. M. Neves and P. Nevski and R. B. Nickerson and R. Nicolaidou and L. Nicolas and G. Nicoletti and B. Nicquevert and F. Niedercorn and J. Nielsen and A. Nikiforov and K. Nikolaev and I. Nikolic-Audit and K. Nikolopoulos and H. Nilsen and P. Nilsson and A. Nisati and T. Nishiyama and R. Nisius and L. Nodulman and M. Nomachi and I. Nomidis and M. Nordberg and B. Nordkvist and D. Notz and J. Novakova and M. Nozaki and M. No{\v{z}}i{\v{c}}ka and I. M. Nugent and A.-E. Nuncio-Quiroz and G. Nunes Hanninger and T. Nunnemann and E. Nurse and D. C. O'Neil and V. O'Shea and F. G. Oakham and H. Oberlack and A. Ochi and S. Oda and S. Odaka and J. Odier and H. Ogren and A. Oh and S. H. Oh and C. C. Ohm and T. Ohshima and T. Ohsugi and S. Okada and H. Okawa and Y. Okumura and T. Okuyama and A. G. Olchevski and M. Oliveira and D. Oliveira Damazio and E. Oliver Garcia and D. Olivito and A. Olszewski and J. Olszowska and C. Omachi and A. Onofre and P. U. E. Onyisi and C. J. Oram and M. J. Oreglia and Y. Oren and D. Orestano and I. Orlov and C. Oropeza Barrera and R. S. Orr and E. O. Ortega and B. Osculati and R. Ospanov and C. Osuna and G. Otero y Garzon and J. P Ottersbach and F. Ould-Saada and A. Ouraou and Q. Ouyang and M. Owen and S. Owen and A. Oyarzun and V. E. Ozcan and N. Ozturk and A. Pacheco Pages and C. Padilla Aranda and E. Paganis and F. Paige and K. Pajchel and S. Palestini and D. Pallin and A. Palma and J. D. Palmer and Y. B. Pan and E. Panagiotopoulou and B. Panes and N. Panikashvili and S. Panitkin and D. Pantea and M. Panuskova and V. Paolone and Th. D. Papadopoulou and S. J. Park and W. Park and M. A. Parker and F. Parodi and J. A. Parsons and U. Parzefall and E. Pasqualucci and A. Passeri and F. Pastore and Fr. Pastore and G. P{\'{a}}sztor and S. Pataraia and N. Patel and J. R. Pater and S. Patricelli and T. Pauly and M. Pecsy and M. I. Pedraza Morales and S. V. Peleganchuk and H. Peng and A. Penson and J. Penwell and M. Perantoni and K. Perez and E. Perez Codina and M. T. P{\'{e}}rez Garc{\'{\i}}a-Esta{\~{n}} and V. Perez Reale and L. Perini and H. Pernegger and R. Perrino and S. Persembe and P. Perus and V. D. Peshekhonov and B. A. Petersen and T. C. Petersen and E. Petit and C. Petridou and E. Petrolo and F. Petrucci and D. Petschull and M. Petteni and R. Pezoa and B. Pfeifer and A. Phan and A. W. Phillips and G. Piacquadio and E. Piccaro and M. Piccinini and R. Piegaia and J. E. Pilcher and A. D. Pilkington and J. Pina and M. Pinamonti and J. L. Pinfold and B. Pinto and C. Pizio and R. Placakyte and M. Plamondon and M.-A. Pleier and A. Poblaguev and S. Poddar and F. Podlyski and L. Poggioli and M. Pohl and F. Polci and G. Polesello and A. Policicchio and A. Polini and J. Poll and V. Polychronakos and D. Pomeroy and K. Pomm{\`{e}}s and L. Pontecorvo and B. G. Pope and G. A. Popeneciu and D. S. Popovic and A. Poppleton and X. Portell Bueso and R. Porter and G. E. Pospelov and S. Pospisil and M. Potekhin and I. N. Potrap and C. J. Potter and C. T. Potter and K. P. Potter and G. Poulard and J. Poveda and R. Prabhu and P. Pralavorio and S. Prasad and R. Pravahan and L. Pribyl and D. Price and L. E. Price and P. M. Prichard and D. Prieur and M. Primavera and K. Prokofiev and F. Prokoshin and S. Protopopescu and J. Proudfoot and X. Prudent and H. Przysiezniak and S. Psoroulas and E. Ptacek and J. Purdham and M. Purohit and P. Puzo and Y. Pylypchenko and J. Qian and W. Qian and Z. Qin and A. Quadt and D. R. Quarrie and W. B. Quayle and F. Quinonez and M. Raas and V. Radeka and V. Radescu and B. Radics and T. Rador and F. Ragusa and G. Rahal and A. M. Rahimi and S. Rajagopalan and M. Rammensee and M. Rammes and F. Rauscher and E. Rauter and M. Raymond and A. L. Read and D. M. Rebuzzi and A. Redelbach and G. Redlinger and R. Reece and K. Reeves and E. Reinherz-Aronis and A. Reinsch and I. Reisinger and D. Reljic and C. Rembser and Z. L. Ren and P. Renkel and S. Rescia and M. Rescigno and S. Resconi and B. Resende and P. Reznicek and R. Rezvani and A. Richards and R. Richter and E. Richter-Was and M. Ridel and M. Rijpstra and M. Rijssenbeek and A. Rimoldi and L. Rinaldi and R. R. Rios and I. Riu and F. Rizatdinova and E. Rizvi and D. A. Roa Romero and S. H. Robertson and A. Robichaud-Veronneau and D. Robinson and J. E. M. Robinson and M. Robinson and A. Robson and J. G. Rocha~de~Lima and C. Roda and D. Roda Dos~Santos and D. Rodriguez and Y. Rodriguez Garcia and S. Roe and O. R{\o}hne and V. Rojo and S. Rolli and A. Romaniouk and V. M. Romanov and G. Romeo and D. Romero Maltrana and L. Roos and E. Ros and S. Rosati and G. A. Rosenbaum and L. Rosselet and V. Rossetti and L. P. Rossi and M. Rotaru and J. Rothberg and D. Rousseau and C. R. Royon and A. Rozanov and Y. Rozen and X. Ruan and B. Ruckert and N. Ruckstuhl and V. I. Rud and G. Rudolph and F. R√ºhr and F. Ruggieri and A. Ruiz-Martinez and L. Rumyantsev and Z. Rurikova and N. A. Rusakovich and J. P. Rutherfoord and C. Ruwiedel and P. Ruzicka and Y. F. Ryabov and P. Ryan and G. Rybkin and S. Rzaeva and A. F. Saavedra and H. F-W. Sadrozinski and R. Sadykov and F. Safai Tehrani and H. Sakamoto and G. Salamanna and A. Salamon and M. Saleem and D. Salihagic and A. Salnikov and J. Salt and B. M. Salvachua Ferrando and D. Salvatore and F. Salvatore and A. Salvucci and A. Salzburger and D. Sampsonidis and B. H. Samset and H. Sandaker and H. G. Sander and M. P. Sanders and M. Sandhoff and P. Sandhu and R. Sandstroem and S. Sandvoss and D. P. C. Sankey and A. Sansoni and C. Santamarina Rios and C. Santoni and R. Santonico and J. G. Saraiva and T. Sarangi and E. Sarkisyan-Grinbaum and F. Sarri and O. Sasaki and N. Sasao and I. Satsounkevitch and G. Sauvage and P. Savard and A. Y. Savine and V. Savinov and L. Sawyer and D. H. Saxon and L. P. Says and C. Sbarra and A. Sbrizzi and D. A. Scannicchio and J. Schaarschmidt and P. Schacht and U. Sch√§fer and S. Schaetzel and A. C. Schaffer and D. Schaile and R. D. Schamberger and A. G. Schamov and V. Scharf and V. A. Schegelsky and D. Scheirich and M. Schernau and M. I. Scherzer and C. Schiavi and J. Schieck and M. Schioppa and S. Schlenker and E. Schmidt and K. Schmieden and C. Schmitt and M. Schmitz and A. Sch√∂ning and M. Schott and D. Schouten and J. Schovancova and M. Schram and A. Schreiner and C. Schroeder and N. Schroer and M. Schroers and J. Schultes and H.-C. Schultz-Coulon and J. W. Schumacher and M. Schumacher and B. A. Schumm and Ph. Schune and C. Schwanenberger and A. Schwartzman and Ph. Schwemling and R. Schwienhorst and R. Schwierz and J. Schwindling and W. G. Scott and J. Searcy and E. Sedykh and E. Segura and S. C. Seidel and A. Seiden and F. Seifert and J. M. Seixas and G. Sekhniaidze and D. M. Seliverstov and B. Sellden and N. Semprini-Cesari and C. Serfon and L. Serin and R. Seuster and H. Severini and M. E. Sevior and A. Sfyrla and E. Shabalina and M. Shamim and L. Y. Shan and J. T. Shank and Q. T. Shao and M. Shapiro and P. B. Shatalov and K. Shaw and D. Sherman and P. Sherwood and A. Shibata and M. Shimojima and T. Shin and A. Shmeleva and M. J. Shochet and M. A. Shupe and P. Sicho and A. Sidoti and F. Siegert and J. Siegrist and Dj. Sijacki and O. Silbert and Y. Silver and D. Silverstein and S. B. Silverstein and V. Simak and Lj. Simic and S. Simion and B. Simmons and M. Simonyan and P. Sinervo and N. B. Sinev and V. Sipica and G. Siragusa and A. N. Sisakyan and S. Yu. Sivoklokov and J. Sj√∂lin and T. B. Sjursen and K. Skovpen and P. Skubic and M. Slater and T. Slavicek and K. Sliwa and J. Sloper and V. Smakhtin and S. Yu. Smirnov and Y. Smirnov and L. N. Smirnova and O. Smirnova and B. C. Smith and D. Smith and K. M. Smith and M. Smizanska and K. Smolek and A. A. Snesarev and S. W. Snow and J. Snow and J. Snuverink and S. Snyder and M. Soares and R. Sobie and J. Sodomka and A. Soffer and C. A. Solans and M. Solar and J. Solc and E. Solfaroli Camillocci and A. A. Solodkov and O. V. Solovyanov and J. Sondericker and V. Sopko and B. Sopko and M. Sosebee and A. Soukharev and S. Spagnolo and F. Span{\`{o}} and R. Spighi and G. Spigo and F. Spila and R. Spiwoks and M. Spousta and B. Spurlock and R. D. St.~Denis and T. Stahl and J. Stahlman and R. Stamen and E. Stanecka and R. W. Stanek and C. Stanescu and S. Stapnes and E. A. Starchenko and J. Stark and P. Staroba and P. Starovoitov and P. Stavina and G. Steele and P. Steinbach and P. Steinberg and I. Stekl and B. Stelzer and H. J. Stelzer and O. Stelzer-Chilton and H. Stenzel and K. Stevenson and G. A. Stewart and M. C. Stockton and K. Stoerig and G. Stoicea and S. Stonjek and P. Strachota and A. R. Stradling and A. Straessner and J. Strandberg and S. Strandberg and A. Strandlie and M. Strang and M. Strauss and P. Strizenec and R. Str√∂hmer and D. M. Strom and R. Stroynowski and J. Strube and B. Stugu and P. Sturm and D. A. Soh and D. Su and Y. Sugaya and T. Sugimoto and C. Suhr and K. Suita and M. Suk and V. V. Sulin and S. Sultansoy and T. Sumida and X. Sun and J. E. Sundermann and K. Suruliz and S. Sushkov and G. Susinno and M. R. Sutton and Y. Suzuki and I. Sykora and T. Sykora and T. Szymocha and J. S{\'{a}}nchez and D. Ta and K. Tackmann and A. Taffard and R. Tafirout and A. Taga and Y. Takahashi and H. Takai and R. Takashima and H. Takeda and T. Takeshita and M. Talby and A. Talyshev and M. C. Tamsett and J. Tanaka and R. Tanaka and S. Tanaka and S. Tanaka and K. Tani and S. Tapprogge and D. Tardif and S. Tarem and F. Tarrade and G. F. Tartarelli and P. Tas and M. Tasevsky and E. Tassi and M. Tatarkhanov and C. Taylor and F. E. Taylor and G. N. Taylor and W. Taylor and M. Teixeira Dias Castanheira and P. Teixeira-Dias and H. Ten Kate and P. K. Teng and Y. D. Tennenbaum-Katan and S. Terada and K. Terashi and J. Terron and M. Terwort and M. Testa and R. J. Teuscher and J. Therhaag and M. Thioye and S. Thoma and J. P. Thomas and E. N. Thompson and P. D. Thompson and P. D. Thompson and R. J. Thompson and A. S. Thompson and E. Thomson and R. P. Thun and T. Tic and V. O. Tikhomirov and Y. A. Tikhonov and P. Tipton and F. J. Tique Aires Viegas and S. Tisserant and B. Toczek and T. Todorov and S. Todorova-Nova and B. Toggerson and J. Tojo and S. Tok{\'{a}}r and K. Tokunaga and K. Tokushuku and K. Tollefson and M. Tomoto and L. Tompkins and K. Toms and A. Tonoyan and C. Topfel and N. D. Topilin and I. Torchiani and E. Torrence and E. Torr{\'{o}} Pastor and J. Toth and F. Touchard and D. R. Tovey and T. Trefzger and L. Tremblet and A. Tricoli and I. M. Trigger and S. Trincaz-Duvoid and T. N. Trinh and M. F. Tripiana and N. Triplett and W. Trischuk and A. Trivedi and B. Trocm{\'{e}} and C. Troncon and A. Trzupek and C. Tsarouchas and J. C-L. Tseng and M. Tsiakiris and P. V. Tsiareshka and D. Tsionou and G. Tsipolitis and V. Tsiskaridze and E. G. Tskhadadze and I. I. Tsukerman and V. Tsulaia and J.-W. Tsung and S. Tsuno and D. Tsybychev and J. M. Tuggle and D. Turecek and I. Turk Cakir and E. Turlay and P. M. Tuts and M. S. Twomey and M. Tylmad and M. Tyndel and K. Uchida and I. Ueda and R. Ueno and M. Ugland and M. Uhlenbrock and M. Uhrmacher and F. Ukegawa and G. Unal and A. Undrus and G. Unel and Y. Unno and D. Urbaniec and E. Urkovsky and P. Urquijo and P. Urrejola and G. Usai and M. Uslenghi and L. Vacavant and V. Vacek and B. Vachon and S. Vahsen and P. Valente and S. Valentinetti and S. Valkar and E. Valladolid Gallego and S. Vallecorsa and J. A. Valls Ferrer and H. van~der Graaf and E. van~der Kraaij and E. van~der Poel and D. van~der Ster and N. van Eldik and P. van Gemmeren and Z. van Kesteren and I. van Vulpen and W. Vandelli and A. Vaniachine and P. Vankov and F. Vannucci and R. Vari and E. W. Varnes and D. Varouchas and A. Vartapetian and K. E. Varvell and V. I. Vassilakopoulos and F. Vazeille and C. Vellidis and F. Veloso and S. Veneziano and A. Ventura and D. Ventura and M. Venturi and N. Venturi and V. Vercesi and M. Verducci and W. Verkerke and J. C. Vermeulen and M. C. Vetterli and I. Vichou and T. Vickey and G. H. A. Viehhauser and M. Villa and E. G. Villani and M. Villaplana Perez and E. Vilucchi and M. G. Vincter and E. Vinek and V. B. Vinogradov and S. Viret and J. Virzi and A. Vitale and O. Vitells and I. Vivarelli and F. Vives Vaque and S. Vlachos and M. Vlasak and N. Vlasov and A. Vogel and P. Vokac and M. Volpi and H. von~der Schmitt and J. von Loeben and H. von Radziewski and E. von Toerne and V. Vorobel and V. Vorwerk and M. Vos and R. Voss and T. T. Voss and J. H. Vossebeld and N. Vranjes and M. Vranjes Milosavljevic and V. Vrba and M. Vreeswijk and T. Vu Anh and D. Vudragovic and R. Vuillermet and I. Vukotic and P. Wagner and J. Walbersloh and J. Walder and R. Walker and W. Walkowiak and R. Wall and C. Wang and H. Wang and J. Wang and S. M. Wang and A. Warburton and C. P. Ward and M. Warsinsky and R. Wastie and P. M. Watkins and A. T. Watson and M. F. Watson and G. Watts and S. Watts and A. T. Waugh and B. M. Waugh and M. D. Weber and M. Weber and M. S. Weber and P. Weber and A. R. Weidberg and J. Weingarten and C. Weiser and H. Wellenstein and P. S. Wells and T. Wenaus and S. Wendler and Z. Weng and T. Wengler and S. Wenig and N. Wermes and M. Werner and P. Werner and M. Werth and U. Werthenbach and M. Wessels and K. Whalen and A. White and M. J. White and S. White and S. R. Whitehead and D. Whiteson and D. Whittington and F. Wicek and D. Wicke and F. J. Wickens and W. Wiedenmann and M. Wielers and P. Wienemann and C. Wiglesworth and L. A. M. Wiik and A. Wildauer and M. A. Wildt and H. G. Wilkens and E. Williams and H. H. Williams and S. Willocq and J. A. Wilson and M. G. Wilson and A. Wilson and I. Wingerter-Seez and F. Winklmeier and M. Wittgen and M. W. Wolter and H. Wolters and B. K. Wosiek and J. Wotschack and M. J. Woudstra and K. Wraight and C. Wright and D. Wright and B. Wrona and S. L. Wu and X. Wu and E. Wulf and B. M. Wynne and L. Xaplanteris and S. Xella and S. Xie and D. Xu and M. Yamada and A. Yamamoto and K. Yamamoto and S. Yamamoto and T. Yamamura and J. Yamaoka and T. Yamazaki and Y. Yamazaki and Z. Yan and H. Yang and U. K. Yang and Z. Yang and W.-M. Yao and Y. Yao and Y. Yasu and J. Ye and S. Ye and M. Yilmaz and R. Yoosoofmiya and K. Yorita and R. Yoshida and C. Young and S. P. Youssef and D. Yu and J. Yu and L. Yuan and A. Yurkewicz and R. Zaidan and A. M. Zaitsev and Z. Zajacova and V. Zambrano and L. Zanello and A. Zaytsev and C. Zeitnitz and M. Zeller and A. Zemla and C. Zendler and O. Zenin and T. {\v{Z}}eni{\v{s}} and Z. Zenonos and S. Zenz and D. Zerwas and G. Zevi della~Porta and Z. Zhan and H. Zhang and J. Zhang and Q. Zhang and X. Zhang and L. Zhao and T. Zhao and Z. Zhao and A. Zhemchugov and J. Zhong and B. Zhou and N. Zhou and Y. Zhou and C. G. Zhu and H. Zhu and Y. Zhu and X. Zhuang and V. Zhuravlov and R. Zimmermann and S. Zimmermann and S. Zimmermann and M. Ziolkowski and L. {\v{Z}}ivkovi{\'{c}} and G. Zobernig and A. Zoccoli and M. zur~Nedden and V. Zutshi},
  
	title = {Studies of the performance of the {ATLAS} detector using cosmic-ray muons},
  
	journal = {The European Physical Journal C}
}


@unpublished{ATLASFactSheet,
      author        = "ATLAS Outreach",
      title         = "{ATLAS Fact Sheet : To raise awareness of the ATLAS
                       detector and collaboration on the LHC}",
      year          = "2010",
      url           = "http://cds.cern.ch/record/1457044",
      doi           = "10.17181/CERN.1LN2.J772",
}
@article{CMS:2022mhs,
    author = "Tumasyan, Armen and others",
    collaboration = "CMS",
    title = "{Precision measurement of the W boson decay branching fractions in proton-proton collisions at $\sqrt{s}$ = 13 TeV}",
    eprint = "2201.07861",
    archivePrefix = "arXiv",
    primaryClass = "hep-ex",
    reportNumber = "CMS-SMP-18-011, CERN-EP-2021-240",
    doi = "10.1103/PhysRevD.105.072008",
    journal = "Phys. Rev. D",
    volume = "105",
    number = "7",
    pages = "072008",
    year = "2022"
}

@article{Gerber2019,
      author        = "Gerber, Cecilia E.",
      title         = "{LHC Highlights and Prospects}",
      archivePrefix = "arXiv",
      eprint        = "1909.10919",
      pages         = "38 p",
      month         = "Sep",
      year          = "2019",
      url           = "http://cds.cern.ch/record/2771843",
      note          = "38 pages, 31 figures, Lecture notes for the 10th CERN
                       Latin-American School of High-Energy Physics
                       (CLASHEP2019), 13 to 26 March 2019 in Villa General
                       Belgrano, Cordoba Province, Argentina",
      doi           = "10.23730/CYRSP-2021-002.161",
}

@phdthesis{Rivera2018,
    author       = {{Perez Rivera}, Genessis M.},
    year         = {2018},
    title        = {Unitarization Models for Vector Boson Scattering at the LHC},
    doi          = {10.5445/IR/1000082199},
    publisher    = {{Karlsruher Institut f√ºr Technologie (KIT)}},
    keywords     = {Effective Field Theory, Unitarization problem, S-matrix, T-matrix, K-matrix, Monte Carlo simulation, VBFNLO, Theoretical Particle Physics},
    pagetotal    = {101},
    school       = {Karlsruher Institut f√ºr Technologie (KIT)},
    language     = {english}
}

@misc{Izaak2017,
author = "{Neutelings, Izaak}",
title = "Pseudorapidity",
month = "June",
year = "2017",
howpublished = "\url{https://tikz.net/axis2d_pseudorapidity/}",
note = "[Online; accessed 23-June-2022]"
}

% @thesis{Therhaag:1992843,
%       author        = "Therhaag, Jan",
%       title         = "{Search for the $H ‚Üí b\overline{b}$ decay mode of the
%                        Standard Model Higgs boson in associated production with a
%                        vector boson in proton-proton collisions at $\sqrt{s}$ = 8
%                        TeV with the ATLAS experiment}",
%       year          = "2014",
%       url           = "http://cds.cern.ch/record/1992843",
%       note          = "presented 14 Mar 2014",
% }


