@misc{Groh2021,
		author        = {Thorsten Groh, Simon Stellmer},
		title         = {Laser Gyroscope: A249 - Course Description},
		month         = {August},
        day         ={1},
		year          = {2022},
		publisher={Rheinische Friedrich-Wilhelms-Universität Bonn}
}


@article{Feng2020,
AUTHOR = {Feng, Zuo and He, Yuming and Yan, Wei and Yang, Fuhua and Han, Weihua and Li, Zhaofeng},
TITLE = {Progress of Waveguide Ring Resonators Used in Micro-Optical Gyroscopes},
JOURNAL = {Photonics},
VOLUME = {7},
YEAR = {2020},
NUMBER = {4},
ARTICLE-NUMBER = {96},
URL = {https://www.mdpi.com/2304-6732/7/4/96},
ISSN = {2304-6732},
ABSTRACT = {Micro-optical gyroscopes (MOGs) are a type of high-accuracy gyroscope, which have the advantages of miniaturization, low cost, and satisfactory operating power. The quality factor (Q) of the waveguide ring resonators (WRRs) is very important to the performance of MOGs. This paper reviews various MOGs using WRRs made from different materials, including silica, indium phosphide, calcium fluoride, and polymer WRRs. The different architectures of the MOGs are reviewed, such as double-ring resonator MOGs and multiple-ring resonator MOGs. Candidate high-Q WRRs for MOGs, including silicon nitride, lithium niobite, calcium fluoride, and magnesium fluoride WRRs, are also reviewed. The manufacturing process, Q, and integration density values are compared. Summarizing the advanced WRRs and calculating the shot-noise-limited sensitivity are helpful processes in selecting suitable materials to fabricate MOGs.},
DOI = {10.3390/photonics7040096}
}


@article{Darrigol2014,
title = {Georges Sagnac: A life for optics},
journal = {Comptes Rendus Physique},
volume = {15},
number = {10},
pages = {789-840},
year = {2014},
note = {The Sagnac effect: 100 years later / L'effet Sagnac : 100 ans après},
issn = {1631-0705},
doi = {https://doi.org/10.1016/j.crhy.2014.09.007},
url = {https://www.sciencedirect.com/science/article/pii/S1631070514001340},
author = {Olivier Darrigol},
keywords = {Sagnac, Sagnac effect, X-rays, Optics, Fluorescence, Interferometry, Sagnac, Effet Sagnac, Rayons X, Optique, Fluorescence, Interférométrie},
abstract = {Georges Sagnac is mostly known for the optical effect in rotating frames that he demonstrated in 1913. His scientific interests were quite diverse: they included photography, optical illusions, X-ray physics, radioactivity, the blue of the sky, anomalous wave propagation, interferometry, strioscopy, and acoustics. An optical theme nonetheless pervaded his entire œuvre. Within optics, an original theory of the propagation of light motivated most of his investigations, from an ingenious explanation of the Fresnel drag, through the discovery of the Sagnac effect, to his quixotic defense of an alternative to relativity theory. Optical analogies efficiently guided his work in other domains. Optics indeed was his true passion. He saw himself as carrying the torch of the two great masters of French optics, Augustin Fresnel and Hippolyte Fizeau. In this mission he overcame his poor health and labored against the modernist tide, with much success originally and bitter isolation in the end.
Résumé
Georges Sagnac est principalement connu pour l'effet optique des faisceaux tournants, qu'il démontra en 1913. Ses intérêts scientifiques étaient très divers, incluant la photographie, les illusions d'optique, la physique des rayons X, le bleu du ciel, la propagation anormale des ondes, l'interférométrie, la strioscopie et l'acoustique. Le thème de l'optique habite néanmoins son œuvre toute entière. Dans le domaine de l'optique, une théorie originale de la propagation de la lumière a motivé la plupart de ses recherches, depuis une explication ingénieuse de l'entraînement de Fresnel, en passant par la découverte de l'effet Sagnac, jusqu'à son combat de Don Quichotte en faveur d'une alternative à la théorie de la relativité. Les analogies optiques ont efficacement guidé son travail dans d'autres domaines. En effet, l'optique était sa vraie passion. Il se voyait comme porte-flambeau de deux grands maîtres de l'optique française, Augustin Fresnel et Hippolyte Fizeau. Dans cet apostolat, il surmonta sa faible santé pour travailler à contre courant du modernisme, rencontrant d'abord beaucoup de succès, puis un isolement amer à la fin.}
}

@article{Laue1911,
title = {About an experiment on the optics of moving bodies },
journal = {Munich session reports 1911},
pages = {405-412},
year = {1911},
% note = {The Sagnac effect: 100 years later / L'effet Sagnac : 100 ans après},
% issn = {1631-0705},
% doi = {https://doi.org/10.1016/j.crhy.2014.09.007},
url = {https://archive.org/details/UeberEinenVersuchZurOptikDerBewegtenKoerper},
author = {Max von Laue},
% keywords = {Sagnac, Sagnac effect, X-rays, Optics, Fluorescence, Interferometry, Sagnac, Effet Sagnac, Rayons X, Optique, Fluorescence, Interférométrie},
% abstract = {Georges Sagnac is mostly known for the optical effect in rotating frames that he demonstrated in 1913. His scientific interests were quite diverse: they included photography, optical illusions, X-ray physics, radioactivity, the blue of the sky, anomalous wave propagation, interferometry, strioscopy, and acoustics. An optical theme nonetheless pervaded his entire œuvre. Within optics, an original theory of the propagation of light motivated most of his investigations, from an ingenious explanation of the Fresnel drag, through the discovery of the Sagnac effect, to his quixotic defense of an alternative to relativity theory. Optical analogies efficiently guided his work in other domains. Optics indeed was his true passion. He saw himself as carrying the torch of the two great masters of French optics, Augustin Fresnel and Hippolyte Fizeau. In this mission he overcame his poor health and labored against the modernist tide, with much success originally and bitter isolation in the end.
% Résumé
% Georges Sagnac est principalement connu pour l'effet optique des faisceaux tournants, qu'il démontra en 1913. Ses intérêts scientifiques étaient très divers, incluant la photographie, les illusions d'optique, la physique des rayons X, le bleu du ciel, la propagation anormale des ondes, l'interférométrie, la strioscopie et l'acoustique. Le thème de l'optique habite néanmoins son œuvre toute entière. Dans le domaine de l'optique, une théorie originale de la propagation de la lumière a motivé la plupart de ses recherches, depuis une explication ingénieuse de l'entraînement de Fresnel, en passant par la découverte de l'effet Sagnac, jusqu'à son combat de Don Quichotte en faveur d'une alternative à la théorie de la relativité. Les analogies optiques ont efficacement guidé son travail dans d'autres domaines. En effet, l'optique était sa vraie passion. Il se voyait comme porte-flambeau de deux grands maîtres de l'optique française, Augustin Fresnel et Hippolyte Fizeau. Dans cet apostolat, il surmonta sa faible santé pour travailler à contre courant du modernisme, rencontrant d'abord beaucoup de succès, puis un isolement amer à la fin.}
}

@article{Benedetto2019,
author={Benedetto, Elmo
and Feleppa, Fabiano
and Licata, Ignazio
and Moradpour, Hooman
and Corda, Christian},
title={On the general relativistic framework of the Sagnac effect},
journal={The European Physical Journal C},
year={2019},
month={Mar},
day={04},
volume={79},
number={3},
pages={187},
abstract={The Sagnac effect is usually considered as being a relativistic effect produced in an interferometer when the device is rotating. General relativistic explanations are known and already widely explained in many papers. Such general relativistic approaches are founded on Einstein's equivalence principle (EEP), which states the equivalence between the gravitational ``force'' and the pseudo-force experienced by an observer in a non-inertial frame of reference, included a rotating observer. Typically, the authors consider the so-called Langevin-Landau-Lifschitz metric and the path of light is determined by null geodesics. This approach partially hides the physical meaning of the effect. It seems indeed that the light speed varies by {\$}{\$}c{\backslash}pm {\backslash}omega r{\$}{\$}in one or the other direction around the disk. In this paper, a slightly different general relativistic approach will be used. The different ``gravitational field'' acting on the beam splitter and on the two rays of light is analyzed. This different approach permits a better understanding of the physical meaning of the Sagnac effect.},
issn={1434-6052},
doi={10.1140/epjc/s10052-019-6692-9},
url={https://doi.org/10.1140/epjc/s10052-019-6692-9}
}

@article{Rizzi2003,
	doi = {10.1023/a:1027345505786},
  
	url = {https://doi.org/10.1023%2Fa%3A1027345505786},
  
	year = 2003,
	month = {dec},
  
	publisher = {Springer Science and Business Media {LLC}
},
  
	volume = {35},
  
	number = {12},
  
	pages = {2129--2136},
  
	author = {Guido Rizzi and Matteo Luca Ruggiero},
  
	title = {A Direct Kinematical Derivation of the Relativistic Sagnac Effect for Light or Matter Beams},
  
	journal = {General Relativity and Gravitation}
}


@article{Kudelin2021,
AUTHOR = {Kudelin, Igor and Sugavanam, Srikanth and Chernysheva, Maria},
TITLE = {Rotation Active Sensors Based on Ultrafast Fibre Lasers},
JOURNAL = {Sensors},
VOLUME = {21},
YEAR = {2021},
NUMBER = {10},
ARTICLE-NUMBER = {3530},
URL = {https://www.mdpi.com/1424-8220/21/10/3530},
PubMedID = {34069464},
ISSN = {1424-8220},
ABSTRACT = {Gyroscopes merit an undeniable role in inertial navigation systems, geodesy and seismology. By employing the optical Sagnac effect, ring laser gyroscopes provide exceptionally accurate measurements of even ultraslow angular velocity with a resolution up to 10−11 rad/s. With the recent advancement of ultrafast fibre lasers and, particularly, enabling effective bidirectional generation, their applications have been expanded to the areas of dual-comb spectroscopy and gyroscopy. Exceptional compactness, maintenance-free operation and rather low cost make ultrafast fibre lasers attractive for sensing applications. Remarkably, laser gyroscope operation in the ultrashort pulse generation regime presents a promising approach for eliminating sensing limitations caused by the synchronisation of counter-propagating channels, the most critical of which is frequency lock-in. In this work, we overview the fundamentals of gyroscopic sensing and ultrafast fibre lasers to bridge the gap between tools development and their real-world applications. This article provides a historical outline, highlights the most recent advancements and discusses perspectives for the expanding field of ultrafast fibre laser gyroscopes. We acknowledge the bottlenecks and deficiencies of the presented ultrafast laser gyroscope concepts due to intrinsic physical effects or currently available measurement methodology. Finally, the current work outlines solutions for further ultrafast laser technology development to translate to future commercial gyroscopes.},
DOI = {10.3390/s21103530}
}




