@book{Schatz1996,
  title={Nuclear Condensed Matter Physics: Nuclear Methods and Applications},
  author={Schatz, G. and Schatz, G. and Weidinger, A. and Gardner, J.A.},
  isbn={9780471954798},
  lccn={95004911},
  url={https://books.google.de/books?id=xMDvAAAAMAAJ},
  year={1996},
  publisher={Wiley}
}
@misc{k2212016,
  title={K221 M{\"{o}}{\ss}bauer Effect},
  year={2016},
  month={July},
  author={P106: Advanced Laboratory Course},
  publisher={Rheinische Friedrich-Wilhelms-Universit√§t Bonn}
}
