@article{DeDomenico2012,
	doi = {10.1088/0954-3899/40/1/015201},
	url = {https://doi.org/10.1088/0954-3899/40/1/015201},
	year = 2012,
	month = {nov},
	publisher = {{IOP} Publishing},
	volume = {40},
	number = {1},
	pages = {015201},
	author = {M De Domenico and A Insolia},
	title = {Influence of cosmological models on the {GZK} horizon of ultrahigh energy protons},
	journal = {Journal of Physics G: Nuclear and Particle Physics},
	abstract = {We investigate how the density of baryonic and cold dark matter, the density of dark energy and the value of the Hubble parameter at the present time influence the propagation of ultrahigh energy protons in the nearby Universe. We take into account energy losses in the cosmic microwave radiation, the only one relevant for protons above 1018 eV, and we explore the dependence of the Greisen–Zatsepin–Kuz’min (GZK) horizon on the cosmology. We investigate several cosmological scenarios, from matter dominated to energy dominated ones, and we consider the impact of uncertainties in the Hubble parameter in a Λ-cold dark matter (ΛCDM) Universe, estimated from recent observations, on the GZK horizon. The impact of the (unknown) extragalactic magnetic field on our study is discussed, as well as possible probes of the Hubble parameter attainable by current and future experiments.}
}

@article{Tanabashi2018,
  title = {Review of Particle Physics},
  author = {Tanabashi, M. and Hagiwara, K. and Hikasa, K. and Nakamura, K. and Sumino, Y. and Takahashi, F. and Tanaka, J. and Agashe, K. and Aielli, G. and Amsler, C. and Antonelli, M. and Asner, D. M. and Baer, H. and Banerjee, Sw. and Barnett, R. M. and Basaglia, T. and Bauer, C. W. and Beatty, J. J. and Belousov, V. I. and Beringer, J. and Bethke, S. and Bettini, A. and Bichsel, H. and Biebel, O. and Black, K. M. and Blucher, E. and Buchmuller, O. and Burkert, V. and Bychkov, M. A. and Cahn, R. N. and Carena, M. and Ceccucci, A. and Cerri, A. and Chakraborty, D. and Chen, M.-C. and Chivukula, R. S. and Cowan, G. and Dahl, O. and D'Ambrosio, G. and Damour, T. and de Florian, D. and de Gouv\^ea, A. and DeGrand, T. and de Jong, P. and Dissertori, G. and Dobrescu, B. A. and D'Onofrio, M. and Doser, M. and Drees, M. and Dreiner, H. K. and Dwyer, D. A. and Eerola, P. and Eidelman, S. and Ellis, J. and Erler, J. and Ezhela, V. V. and Fetscher, W. and Fields, B. D. and Firestone, R. and Foster, B. and Freitas, A. and Gallagher, H. and Garren, L. and Gerber, H.-J. and Gerbier, G. and Gershon, T. and Gershtein, Y. and Gherghetta, T. and Godizov, A. A. and Goodman, M. and Grab, C. and Gritsan, A. V. and Grojean, C. and Groom, D. E. and Gr\"unewald, M. and Gurtu, A. and Gutsche, T. and Haber, H. E. and Hanhart, C. and Hashimoto, S. and Hayato, Y. and Hayes, K. G. and Hebecker, A. and Heinemeyer, S. and Heltsley, B. and Hern\'andez-Rey, J. J. and Hisano, J. and H\"ocker, A. and Holder, J. and Holtkamp, A. and Hyodo, T. and Irwin, K. D. and Johnson, K. F. and Kado, M. and Karliner, M. and Katz, U. F. and Klein, S. R. and Klempt, E. and Kowalewski, R. V. and Krauss, F. and Kreps, M. and Krusche, B. and Kuyanov, Yu. V. and Kwon, Y. and Lahav, O. and Laiho, J. and Lesgourgues, J. and Liddle, A. and Ligeti, Z. and Lin, C.-J. and Lippmann, C. and Liss, T. M. and Littenberg, L. and Lugovsky, K. S. and Lugovsky, S. B. and Lusiani, A. and Makida, Y. and Maltoni, F. and Mannel, T. and Manohar, A. V. and Marciano, W. J. and Martin, A. D. and Masoni, A. and Matthews, J. and Mei\ss{}ner, U.-G. and Milstead, D. and Mitchell, R. E. and M\"onig, K. and Molaro, P. and Moortgat, F. and Moskovic, M. and Murayama, H. and Narain, M. and Nason, P. and Navas, S. and Neubert, M. and Nevski, P. and Nir, Y. and Olive, K. A. and Pagan Griso, S. and Parsons, J. and Patrignani, C. and Peacock, J. A. and Pennington, M. and Petcov, S. T. and Petrov, V. A. and Pianori, E. and Piepke, A. and Pomarol, A. and Quadt, A. and Rademacker, J. and Raffelt, G. and Ratcliff, B. N. and Richardson, P. and Ringwald, A. and Roesler, S. and Rolli, S. and Romaniouk, A. and Rosenberg, L. J. and Rosner, J. L. and Rybka, G. and Ryutin, R. A. and Sachrajda, C. T. and Sakai, Y. and Salam, G. P. and Sarkar, S. and Sauli, F. and Schneider, O. and Scholberg, K. and Schwartz, A. J. and Scott, D. and Sharma, V. and Sharpe, S. R. and Shutt, T. and Silari, M. and Sj\"ostrand, T. and Skands, P. and Skwarnicki, T. and Smith, J. G. and Smoot, G. F. and Spanier, S. and Spieler, H. and Spiering, C. and Stahl, A. and Stone, S. L. and Sumiyoshi, T. and Syphers, M. J. and Terashi, K. and Terning, J. and Thoma, U. and Thorne, R. S. and Tiator, L. and Titov, M. and Tkachenko, N. P. and T\"ornqvist, N. A. and Tovey, D. R. and Valencia, G. and Van de Water, R. and Varelas, N. and Venanzoni, G. and Verde, L. and Vincter, M. G. and Vogel, P. and Vogt, A. and Wakely, S. P. and Walkowiak, W. and Walter, C. W. and Wands, D. and Ward, D. R. and Wascko, M. O. and Weiglein, G. and Weinberg, D. H. and Weinberg, E. J. and White, M. and Wiencke, L. R. and Willocq, S. and Wohl, C. G. and Womersley, J. and Woody, C. L. and Workman, R. L. and Yao, W.-M. and Zeller, G. P. and Zenin, O. V. and Zhu, R.-Y. and Zhu, S.-L. and Zimmermann, F. and Zyla, P. A. and Anderson, J. and Fuller, L. and Lugovsky, V. S. and Schaffner, P.},
  collaboration = {Particle Data Group},
  journal = {Phys. Rev. D},
  volume = {98},
  issue = {3},
  pages = {030001},
  numpages = {1898},
  year = {2018},
  month = {Aug},
  publisher = {American Physical Society},
  doi = {10.1103/PhysRevD.98.030001},
  url = {https://link.aps.org/doi/10.1103/PhysRevD.98.030001}
}

@Inbook{Grupen2005,
title="Secondary Cosmic Rays",
bookTitle="Astroparticle Physics",
year="2005",
publisher="Springer Berlin Heidelberg",
address="Berlin, Heidelberg",
pages="141--170",
isbn="978-3-540-27670-8",
doi="10.1007/3-540-27670-X_7",
url="https://doi.org/10.1007/3-540-27670-X_7"
}

@article{Blanco2009,
	doi = {10.1088/0143-0807/30/4/003},
	url = {https://doi.org/10.1088/0143-0807/30/4/003},
	year = 2009,
	month = {may},
	publisher = {{IOP} Publishing},
	volume = {30},
	number = {4},
	pages = {685--695},
	author = {Francesco Blanco and Paola La Rocca and Francesco Riggi},
	title = {Cosmic rays with portable Geiger counters: from sea level to airplane cruise altitudes},
	journal = {European Journal of Physics},
	abstract = {Cosmic ray count rates with a set of portable Geiger counters were measured at different altitudes on the way to a mountain top and aboard an aircraft, between sea level and cruise altitude. Basic measurements may constitute an educational activity even with high school teams. For the understanding of the results obtained, simulations of extensive air showers induced by high-energy primary protons in the atmosphere were also carried out, involving undergraduate and graduate teaching levels.}
}

@inproceedings{Haeffner2014,
  title={Studies of cosmic-ray electrons with the H.E.S.S. experiment using an advanced reconstruction technique},
  author={S. H{\"a}ffner},
  year={2014}
}

@misc{Stefano2012,
  doi = {10.48550/ARXIV.1208.1171},
  
  url = {https://arxiv.org/abs/1208.1171},
  
  author = {Cecchini, Stefano and Spurio, Maurizio},
  
  keywords = {Earth and Planetary Astrophysics (astro-ph.EP), High Energy Astrophysical Phenomena (astro-ph.HE), FOS: Physical sciences, FOS: Physical sciences},
  
  title = {Atmospheric muons: experimental aspects},
  
  publisher = {arXiv},
  
  year = {2012},
  
  copyright = {arXiv.org perpetual, non-exclusive license}
}

@Inbook{Leo1994,
author="Leo, William R.",
title="Ionization Detectors",
bookTitle="Techniques for Nuclear and Particle Physics Experiments: A How-to Approach",
year="1994",
publisher="Springer Berlin Heidelberg",
address="Berlin, Heidelberg",
pages="127--156",
abstract="Ionization detectors were the first electrical devices developed for radiation detection. These instruments are based on the direct collection of the ionization electrons and ions produced in a gas by passing radiation. During the first half of the century, three basic types of detector were developed: the ionization chamber, the proportional counter and the Geiger-M{\"u}ller counter. Except for specific applications, these particular devices are not in widespread use in modern nuclear and particle physics experiments today. They are, however, still very much employed in the laboratory as radiation monitors. They are cheap, simple to operate and easy to maintain. Their basic design and structure, in fact, have changed little since the late 1940's when the then newly-developed scintillation counter began taking the place of these instruments in nuclear research.",
isbn="978-3-642-57920-2",
doi="10.1007/978-3-642-57920-2_6",
url="https://doi.org/10.1007/978-3-642-57920-2_6"
}

@phdthesis{Lukas2018,
author = {Kouril, Lukas},
year = {2018},
month = {10},
pages = {},
title = {Design and optimization of proportional gas flow counters for Mössbauer spectroscopy},
url="https://www.researchgate.net/publication/343548619_Design_and_optimization_of_proportional_gas_flow_counters_for_Mossbauer_spectroscopy",
institution = {Palacký University in Olomouc}
}

@mastersthesis{Danisch2014,
    author = {Danisch, Meike},
    institution = {Heidelberg : Ruprecht-Karls-Universit{\"a}t },
    school = {Heidelberg : Ruprecht-Karls-Universit{\"a}t},
    title = {Scintillation light detection in XENON1T: Photosensor tests and light collection simulations},
    year = 2014,
    url = "http://hdl.handle.net/11858/00-001M-0000-0024-1409-7"
}

@misc{labman,
  title={E217 - STYX, student manual},
  year={2021},
  month={June},
  author={{P106: Advanced Laboratory Course}},
  publisher={Rheinische Friedrich-Wilhelms-Universität Bonn}
}

