@misc{Switka22,
  author        = {Michael Switka},
  title         = {E106 Cavities Assignments and details of procedure and analysis},
  month         = {March},
  year          = {2022},
  publisher={Rheinische Friedrich-Wilhelms-Universität Bonn}
}
@misc{Hillert,
  author        = {Wolfgang Hillert},
  title         = {E106 Hohlraumresonantoren / Cavities: Details on the experimental method},
  publisher={Rheinische Friedrich-Wilhelms-Universität Bonn}
}

@inbook{Griffiths,
      author        = "Griffiths, David J",
      publisher     = "Prentice-Hall",
	  title 		= "Electromagnetic Waves",
	  chapter 		= 9,
      booktitle     = "{Introduction to electrodynamics; 3rd ed.}",
      address       = "Upper Saddle River, NJ",
      year          = "1999",
}
